cle{floreano2015science,
  title={Science, technology and the future of small autonomous drones},
  author={Floreano, Dario and Wood, Robert J},
  journal={Nature},
  volume={521},
  number={7553},
  pages={460},
  year={2015},
  publisher={Nature Publishing Group}
}

@article{everett1999laboratory,
  title={From laboratory to warehouse: Security robots meet the real world},
  author={Everett, Hobart R and Gage, Douglas W},
  journal={The International Journal of Robotics Research},
  volume={18},
  number={7},
  pages={760--768},
  year={1999},
  publisher={SAGE Publications}
}

@inproceedings{levinson2011towards,
  title={Towards fully autonomous driving: Systems and algorithms},
  author={Levinson, Jesse and Askeland, Jake and Becker, Jan and Dolson, Jennifer and Held, David and Kammel, Soeren and Kolter, J Zico and Langer, Dirk and Pink, Oliver and Pratt, Vaughan and others},
  booktitle={Intelligent Vehicles Symposium (IV), 2011 IEEE},
  pages={163--168},
  year={2011},
  organization={IEEE}
}

@article{thrun2002robotic,
  title={Robotic mapping: A survey},
  author={Thrun, Sebastian and others},
  journal={Exploring artificial intelligence in the new millennium},
  volume={1},
  pages={1--35},
  year={2002}
}


@article{thrun2001robust,
  title={Robust Monte Carlo localization for mobile robots},
  author={Thrun, Sebastian and Fox, Dieter and Burgard, Wolfram and Dellaert, Frank},
  journal={Artificial intelligence},
  volume={128},
  number={1-2},
  pages={99--141},
  year={2001},
  publisher={Elsevier}
}

@article{hornung2013octomap,
  title={OctoMap: An efficient probabilistic 3D mapping framework based on octrees},
  author={Hornung, Armin and Wurm, Kai M and Bennewitz, Maren and Stachniss, Cyrill and Burgard, Wolfram},
  journal={Autonomous Robots},
  volume={34},
  number={3},
  pages={189--206},
  year={2013},
  publisher={Springer}
}

@inproceedings{szegedy2015going,
  title={Going deeper with convolutions},
  author={Szegedy, Christian and Liu, Wei and Jia, Yangqing and Sermanet, Pierre and Reed, Scott and Anguelov, Dragomir and Erhan, Dumitru and Vanhoucke, Vincent and Rabinovich, Andrew},
  booktitle={Proceedings of the IEEE conference on computer vision and pattern recognition},
  pages={1--9},
  year={2015}
}

@inproceedings{szegedy2016rethinking,
  title={Rethinking the inception architecture for computer vision},
  author={Szegedy, Christian and Vanhoucke, Vincent and Ioffe, Sergey and Shlens, Jon and Wojna, Zbigniew},
  booktitle={Proceedings of the IEEE Conference on Computer Vision and Pattern Recognition},
  pages={2818--2826},
  year={2016}
}

@article{lowe2004distinctive,
  title={Distinctive image features from scale-invariant keypoints},
  author={Lowe, David G},
  journal={International journal of computer vision},
  volume={60},
  number={2},
  pages={91--110},
  year={2004},
  publisher={Springer}
}

@inproceedings{yang2007evaluating,
  title={Evaluating bag-of-visual-words representations in scene classification},
  author={Yang, Jun and Jiang, Yu-Gang and Hauptmann, Alexander G and Ngo, Chong-Wah},
  booktitle={Proceedings of the international workshop on multimedia information retrieval},
  pages={197--206},
  year={2007},
  organization={ACM}
}

@article{sejnowski1989hebb,
  title={The {H}ebb rule for synaptic plasticity: algorithms and implementations},
  author={Sejnowski, Terrence J and Tesauro, Gerald},
  journal={Neural models of plasticity: Experimental and theoretical approaches},
  pages={94--103},
  year={1989},
  publisher={Academic Press, New York}
}

@inproceedings{arora2014provable,
  title={Provable bounds for learning some deep representations},
  author={Arora, Sanjeev and Bhaskara, Aditya and Ge, Rong and Ma, Tengyu},
  booktitle={International Conference on Machine Learning},
  pages={584--592},
  year={2014}
}

@inproceedings{dosovitskiy2014discriminative,
  title={Discriminative unsupervised feature learning with convolutional neural networks},
  author={Dosovitskiy, Alexey and Springenberg, Jost Tobias and Riedmiller, Martin and Brox, Thomas},
  booktitle={Advances in Neural Information Processing Systems},
  pages={766--774},
  year={2014}
}

@inproceedings{marszalek2007learning,
  title={Learning object representations for visual object class recognition},
  author={Marsza{\l}ek, Marcin and Schmid, Cordelia and Harzallah, Hedi and Van De Weijer, Joost},
  booktitle={Visual Recognition Challenge workshop, in conjunction with ICCV},
  year={2007}
}

@inproceedings{koenig2004design,
  title={Design and use paradigms for gazebo, an open-source multi-robot simulator},
  author={Koenig, Nathan and Howard, Andrew},
  booktitle={Intelligent Robots and Systems. Proceedings. 2004 IEEE/RSJ International Conference on},
  volume={3},
  pages={2149--2154},
  year={2004},
  
}

@inproceedings{krizhevsky2012imagenet,
  title={Imagenet classification with deep convolutional neural networks},
  author={Krizhevsky, Alex and Sutskever, Ilya and Hinton, Geoffrey E},
  booktitle={Advances in neural information processing systems},
  pages={1097--1105},
  year={2012}
}

@article{rifkin2004defense,
  title={In defense of one-vs-all classification},
  author={Rifkin, Ryan and Klautau, Aldebaro},
  journal={Journal of machine learning research},
  volume={5},
  number={Jan},
  pages={101--141},
  year={2004}
}

@article{lecun2015deep,
  title={Deep learning},
  author={LeCun, Yann and Bengio, Yoshua and Hinton, Geoffrey},
  journal={Nature},
  volume={521},
  number={7553},
  pages={436--444},
  year={2015},
  publisher={Nature Research}
}

@article{sukkarieh1999high,
  title={A high integrity IMU/GPS navigation loop for autonomous land vehicle applications},
  author={Sukkarieh, Salah and Nebot, Eduardo Mario and Durrant-Whyte, Hugh F},
  journal={IEEE Transactions on Robotics and Automation},
  volume={15},
  number={3},
  pages={572--578},
  year={1999},
  publisher={IEEE}
}

@article{guivant2000autonomous,
  title={Autonomous navigation and map building using laser range sensors in outdoor applications},
  author={Guivant, Jose and Nebot, Eduardo and Baiker, Stephan},
  journal={Journal of robotic systems},
  volume={17},
  number={10},
  pages={565--583},
  year={2000}
}

@article{elfes1987sonar,
  title={Sonar-based real-world mapping and navigation},
  author={Elfes, Alberto},
  journal={IEEE Journal on Robotics and Automation},
  volume={3},
  number={3},
  pages={249--265},
  year={1987},
  publisher={IEEE}
}

@article{bonin2008visual,
  title={Visual navigation for mobile robots: A survey},
  author={Bonin-Font, Francisco and Ortiz, Alberto and Oliver, Gabriel},
  journal={Journal of intelligent and robotic systems},
  volume={53},
  number={3},
  pages={263},
  year={2008},
  publisher={Springer}
}

